% Each bib entry should have:
% Conference article
@inproceedings{confexample,
  title={{SHAKTI} processors: an open-source hardware initiative},
  author={Gala, Neel and Menon, Arjun and Bodduna, Rahul and Madhusudan, GS and Kamakoti, V},
  booktitle={Proceedings of the 29th International Conference on VLSI Design and 2016 15th International Conference on Embedded Systems (VLSID'16)},
  year={2016},
  pages={7--8},
  doi={10.1109/vlsid.2016.130},
  organization={IEEE},
}

% Journal article
@article{journalexample,
  title={The cost of application-class processing: energy and performance analysis of a Linux-ready 1.7-{GHz} 64-Bit {RISC-V} core in 22-nm {FDSOI} technology},
  author={F. {Zaruba} and L. {Benini}},
  journal={{IEEE} Transactions on Very Large Scale Integration (VLSI) Systems (TVLSI)},
  year={2019},
  volume={27},
  number={11},
  pages={2629-2640},
  doi={10.1109/tvlsi.2019.2926114},
  organization={IEEE}
}

% Book
@book{bookexample,
  title={{Smalltalk-80}: the language and its implementation},
  author={Goldberg, Adele and Robson, David},
  year={1983},
  publisher={Addison-Wesley Longman Publishing Co., Inc.}
}

% Presentation (online)
@unpublished{presexample,
  author={Quynh, Nguyen Anh and Vu, Dang Hoang},
  title={Unicorn: Next generation {CPU} emulator framework},
  note={Black Hat USA},
  year={2015},
  url={https://www.unicorn-engine.org/BHUSA2015-unicorn.pdf}
}

% Techreport
@techreport{techreportexample,
  title={The {Rocket} chip generator},
  author={Asanovic, Krste and Avizienis, Rimas and Bachrach, Jonathan and Beamer, Scott and Biancolin, David and Celio, Christopher and Cook, Henry and Dabbelt, Daniel and Hauser, John and Izraelevitz, Adam and others},
  journal={EECS Department, University of California, Berkeley},
  year={2016},
}